%YAML 1.1
%TAG !u! tag:unity3d.com,2011:
--- !u!1 &195898
GameObject:
  m_ObjectHideFlags: 0
  m_PrefabParentObject: {fileID: 0}
  m_PrefabInternal: {fileID: 100100000}
  serializedVersion: 4
  m_Component:
  - 4: {fileID: 487588}
  - 212: {fileID: 21219812}
  - 114: {fileID: 11402230}
  m_Layer: 0
  m_Name: Grumpy
  m_TagString: Untagged
  m_Icon: {fileID: 0}
  m_NavMeshLayer: 0
  m_StaticEditorFlags: 0
  m_IsActive: 1
--- !u!4 &487588
Transform:
  m_ObjectHideFlags: 1
  m_PrefabParentObject: {fileID: 0}
  m_PrefabInternal: {fileID: 100100000}
  m_GameObject: {fileID: 195898}
  m_LocalRotation: {x: 0, y: 0, z: 0, w: 1}
  m_LocalPosition: {x: -9.830449, y: -1.1534827, z: 0}
  m_LocalScale: {x: 1, y: 1, z: 1}
  m_Children: []
  m_Father: {fileID: 0}
  m_RootOrder: 0
--- !u!114 &11402230
MonoBehaviour:
  m_ObjectHideFlags: 1
  m_PrefabParentObject: {fileID: 0}
  m_PrefabInternal: {fileID: 100100000}
  m_GameObject: {fileID: 195898}
  m_Enabled: 1
  m_EditorHideFlags: 0
  m_Script: {fileID: 11500000, guid: 078c5b76bd5920c4fae092daf5f28dc4, type: 3}
  m_Name: 
  m_EditorClassIdentifier: 
  _Lines:
  - _eSymbol: 6
    _eBestAnswer: 11
    _eNiceAnswer: 8
    _eBadAnswer: 5
  - _eSymbol: 4
    _eBestAnswer: 3
    _eNiceAnswer: 11
    _eBadAnswer: 13
  - _eSymbol: 9
    _eBestAnswer: 11
    _eNiceAnswer: 12
    _eBadAnswer: 8
  - _eSymbol: 11
    _eBestAnswer: 4
    _eNiceAnswer: 12
    _eBadAnswer: 8
  - _eSymbol: 12
    _eBestAnswer: 2
    _eNiceAnswer: 4
    _eBadAnswer: 5
  _iTop: 5
  _eReward: 7
--- !u!212 &21219812
SpriteRenderer:
  m_ObjectHideFlags: 1
  m_PrefabParentObject: {fileID: 0}
  m_PrefabInternal: {fileID: 100100000}
  m_GameObject: {fileID: 195898}
  m_Enabled: 0
  m_CastShadows: 0
  m_ReceiveShadows: 0
  m_Materials:
  - {fileID: 10754, guid: 0000000000000000e000000000000000, type: 0}
  m_SubsetIndices: 
  m_StaticBatchRoot: {fileID: 0}
  m_UseLightProbes: 0
  m_ReflectionProbeUsage: 0
  m_ProbeAnchor: {fileID: 0}
  m_ScaleInLightmap: 1
  m_PreserveUVs: 0
  m_IgnoreNormalsForChartDetection: 0
  m_ImportantGI: 0
  m_MinimumChartSize: 4
  m_AutoUVMaxDistance: 0.5
  m_AutoUVMaxAngle: 89
  m_LightmapParameters: {fileID: 0}
  m_SortingLayerID: 0
  m_SortingOrder: 0
  m_Sprite: {fileID: 21300000, guid: 83a5933ec654cd545afba5033cc43dcf, type: 3}
  m_Color: {r: 1, g: 1, b: 1, a: 1}
  m_FlipX: 0
  m_FlipY: 0
--- !u!1001 &100100000
Prefab:
  m_ObjectHideFlags: 1
  serializedVersion: 2
  m_Modification:
    m_TransformParent: {fileID: 0}
    m_Modifications:
    - target: {fileID: 0}
      propertyPath: _Lines.Array.size
      value: 5
      objectReference: {fileID: 0}
    - target: {fileID: 0}
      propertyPath: m_Enabled
      value: 0
      objectReference: {fileID: 0}
    - target: {fileID: 0}
      propertyPath: _Lines.Array.data[3]._eSymbol
      value: 11
      objectReference: {fileID: 0}
    - target: {fileID: 0}
      propertyPath: _Lines.Array.data[4]._eSymbol
      value: 12
      objectReference: {fileID: 0}
    - target: {fileID: 0}
      propertyPath: _Lines.Array.data[4]._eBestAnswer
      value: 2
      objectReference: {fileID: 0}
    - target: {fileID: 0}
      propertyPath: _iTop
      value: 5
      objectReference: {fileID: 0}
    - target: {fileID: 0}
      propertyPath: _Lines.Array.data[5]._eSymbol
      value: 3
      objectReference: {fileID: 0}
    - target: {fileID: 0}
      propertyPath: _Lines.Array.data[5]._eBestAnswer
      value: 2
      objectReference: {fileID: 0}
    - target: {fileID: 0}
      propertyPath: _Lines.Array.data[0]._eNiceAnswer
      value: 8
      objectReference: {fileID: 0}
    - target: {fileID: 0}
      propertyPath: _Lines.Array.data[0]._eOkAnswer
      value: 10
      objectReference: {fileID: 0}
    - target: {fileID: 0}
      propertyPath: _Lines.Array.data[1]._eSymbol
      value: 4
      objectReference: {fileID: 0}
    - target: {fileID: 0}
      propertyPath: _Lines.Array.data[1]._eBestAnswer
      value: 3
      objectReference: {fileID: 0}
    - target: {fileID: 0}
      propertyPath: _Lines.Array.data[1]._eNiceAnswer
      value: 11
      objectReference: {fileID: 0}
    - target: {fileID: 0}
      propertyPath: _Lines.Array.data[6]._eSymbol
      value: 8
      objectReference: {fileID: 0}
    - target: {fileID: 0}
      propertyPath: _Lines.Array.data[7]._eSymbol
      value: 9
      objectReference: {fileID: 0}
    - target: {fileID: 0}
      propertyPath: _Lines.Array.data[6]._eBestAnswer
      value: 12
      objectReference: {fileID: 0}
    - target: {fileID: 0}
      propertyPath: _Lines.Array.data[5]._eNiceAnswer
      value: 11
      objectReference: {fileID: 0}
    - target: {fileID: 0}
      propertyPath: _Lines.Array.data[6]._eNiceAnswer
      value: 11
      objectReference: {fileID: 0}
    - target: {fileID: 0}
      propertyPath: _Lines.Array.data[7]._eBestAnswer
      value: 3
      objectReference: {fileID: 0}
    - target: {fileID: 0}
      propertyPath: _Lines.Array.data[7]._eNiceAnswer
      value: 11
      objectReference: {fileID: 0}
    - target: {fileID: 0}
      propertyPath: _Lines.Array.data[0]._eSymbol
      value: 6
      objectReference: {fileID: 0}
    - target: {fileID: 0}
      propertyPath: _Lines.Array.data[0]._eBadAnswer
      value: 5
      objectReference: {fileID: 0}
    - target: {fileID: 0}
      propertyPath: _Lines.Array.data[0]._eBestAnswer
      value: 11
      objectReference: {fileID: 0}
    - target: {fileID: 0}
      propertyPath: _Lines.Array.data[1]._eBadAnswer
      value: 13
      objectReference: {fileID: 0}
    - target: {fileID: 0}
      propertyPath: _Lines.Array.data[2]._eSymbol
      value: 9
      objectReference: {fileID: 0}
    - target: {fileID: 0}
      propertyPath: _Lines.Array.data[2]._eBadAnswer
      value: 8
      objectReference: {fileID: 0}
    - target: {fileID: 0}
      propertyPath: _Lines.Array.data[2]._eBestAnswer
      value: 11
      objectReference: {fileID: 0}
    - target: {fileID: 0}
      propertyPath: _Lines.Array.data[2]._eNiceAnswer
      value: 12
      objectReference: {fileID: 0}
    - target: {fileID: 0}
      propertyPath: _Lines.Array.data[3]._eBestAnswer
      value: 4
      objectReference: {fileID: 0}
    - target: {fileID: 0}
      propertyPath: _Lines.Array.data[3]._eNiceAnswer
      value: 12
      objectReference: {fileID: 0}
    - target: {fileID: 0}
      propertyPath: _Lines.Array.data[3]._eBadAnswer
      value: 8
      objectReference: {fileID: 0}
    - target: {fileID: 0}
      propertyPath: _Lines.Array.data[4]._eNiceAnswer
      value: 4
      objectReference: {fileID: 0}
    - target: {fileID: 0}
      propertyPath: _Lines.Array.data[4]._eBadAnswer
      value: 5
      objectReference: {fileID: 0}
    - target: {fileID: 0}
      propertyPath: _eReward
      value: 7
      objectReference: {fileID: 0}
    m_RemovedComponents: []
  m_ParentPrefab: {fileID: 0}
  m_RootGameObject: {fileID: 195898}
  m_IsPrefabParent: 1
