%YAML 1.1
%TAG !u! tag:unity3d.com,2011:
--- !u!1 &131968
GameObject:
  m_ObjectHideFlags: 0
  m_PrefabParentObject: {fileID: 0}
  m_PrefabInternal: {fileID: 100100000}
  serializedVersion: 4
  m_Component:
  - 4: {fileID: 413568}
  - 50: {fileID: 5038248}
  - 231: {fileID: 23120876}
  - 61: {fileID: 6153734}
  m_Layer: 0
  m_Name: BottomRight
  m_TagString: Untagged
  m_Icon: {fileID: -964228994112308473, guid: 0000000000000000d000000000000000, type: 0}
  m_NavMeshLayer: 0
  m_StaticEditorFlags: 0
  m_IsActive: 1
--- !u!1 &144426
GameObject:
  m_ObjectHideFlags: 0
  m_PrefabParentObject: {fileID: 0}
  m_PrefabInternal: {fileID: 100100000}
  serializedVersion: 4
  m_Component:
  - 4: {fileID: 418772}
  - 50: {fileID: 5016334}
  - 231: {fileID: 23163936}
  - 58: {fileID: 5809978}
  m_Layer: 0
  m_Name: Top
  m_TagString: Untagged
  m_Icon: {fileID: -964228994112308473, guid: 0000000000000000d000000000000000, type: 0}
  m_NavMeshLayer: 0
  m_StaticEditorFlags: 0
  m_IsActive: 1
--- !u!1 &153126
GameObject:
  m_ObjectHideFlags: 1
  m_PrefabParentObject: {fileID: 0}
  m_PrefabInternal: {fileID: 100100000}
  serializedVersion: 4
  m_Component:
  - 4: {fileID: 463028}
  - 212: {fileID: 21203008}
  m_Layer: 0
  m_Name: New Sprite
  m_TagString: Untagged
  m_Icon: {fileID: 0}
  m_NavMeshLayer: 0
  m_StaticEditorFlags: 0
  m_IsActive: 1
--- !u!1 &153886
GameObject:
  m_ObjectHideFlags: 0
  m_PrefabParentObject: {fileID: 0}
  m_PrefabInternal: {fileID: 100100000}
  serializedVersion: 4
  m_Component:
  - 4: {fileID: 452992}
  m_Layer: 0
  m_Name: Nerdy
  m_TagString: Untagged
  m_Icon: {fileID: 0}
  m_NavMeshLayer: 0
  m_StaticEditorFlags: 0
  m_IsActive: 1
--- !u!1 &191002
GameObject:
  m_ObjectHideFlags: 0
  m_PrefabParentObject: {fileID: 0}
  m_PrefabInternal: {fileID: 100100000}
  serializedVersion: 4
  m_Component:
  - 4: {fileID: 441740}
  - 50: {fileID: 5095330}
  - 58: {fileID: 5843130}
  - 114: {fileID: 11477044}
  - 114: {fileID: 11420926}
  - 61: {fileID: 6115522}
  - 114: {fileID: 11407870}
  m_Layer: 0
  m_Name: Center
  m_TagString: NPC
  m_Icon: {fileID: -964228994112308473, guid: 0000000000000000d000000000000000, type: 0}
  m_NavMeshLayer: 0
  m_StaticEditorFlags: 0
  m_IsActive: 1
--- !u!1 &197490
GameObject:
  m_ObjectHideFlags: 0
  m_PrefabParentObject: {fileID: 0}
  m_PrefabInternal: {fileID: 100100000}
  serializedVersion: 4
  m_Component:
  - 4: {fileID: 462716}
  - 50: {fileID: 5004092}
  - 231: {fileID: 23170066}
  - 231: {fileID: 23128628}
  - 61: {fileID: 6173142}
  m_Layer: 0
  m_Name: BottomLeft
  m_TagString: Untagged
  m_Icon: {fileID: -964228994112308473, guid: 0000000000000000d000000000000000, type: 0}
  m_NavMeshLayer: 0
  m_StaticEditorFlags: 0
  m_IsActive: 1
--- !u!4 &413568
Transform:
  m_ObjectHideFlags: 1
  m_PrefabParentObject: {fileID: 0}
  m_PrefabInternal: {fileID: 100100000}
  m_GameObject: {fileID: 131968}
  m_LocalRotation: {x: 0, y: 0, z: 0, w: 1}
  m_LocalPosition: {x: 0.58, y: -1.1, z: 0}
  m_LocalScale: {x: 1, y: 1, z: 1}
  m_Children: []
  m_Father: {fileID: 452992}
  m_RootOrder: 2
--- !u!4 &418772
Transform:
  m_ObjectHideFlags: 1
  m_PrefabParentObject: {fileID: 0}
  m_PrefabInternal: {fileID: 100100000}
  m_GameObject: {fileID: 144426}
  m_LocalRotation: {x: 0, y: 0, z: 0, w: 1}
  m_LocalPosition: {x: 0, y: 1.1, z: 0}
  m_LocalScale: {x: 1, y: 1, z: 1}
  m_Children: []
  m_Father: {fileID: 452992}
  m_RootOrder: 0
--- !u!4 &441740
Transform:
  m_ObjectHideFlags: 1
  m_PrefabParentObject: {fileID: 0}
  m_PrefabInternal: {fileID: 100100000}
  m_GameObject: {fileID: 191002}
  m_LocalRotation: {x: 0, y: 0, z: 0, w: 1}
  m_LocalPosition: {x: 0, y: 0, z: 0}
  m_LocalScale: {x: 1, y: 1, z: 1}
  m_Children:
  - {fileID: 463028}
  m_Father: {fileID: 452992}
  m_RootOrder: 1
--- !u!4 &452992
Transform:
  m_ObjectHideFlags: 1
  m_PrefabParentObject: {fileID: 0}
  m_PrefabInternal: {fileID: 100100000}
  m_GameObject: {fileID: 153886}
  m_LocalRotation: {x: 0, y: 0, z: 0, w: 1}
  m_LocalPosition: {x: 18.9, y: -1.78, z: 0}
  m_LocalScale: {x: 1, y: 1, z: 1}
  m_Children:
  - {fileID: 418772}
  - {fileID: 441740}
  - {fileID: 413568}
  - {fileID: 462716}
  m_Father: {fileID: 0}
  m_RootOrder: 0
--- !u!4 &462716
Transform:
  m_ObjectHideFlags: 1
  m_PrefabParentObject: {fileID: 0}
  m_PrefabInternal: {fileID: 100100000}
  m_GameObject: {fileID: 197490}
  m_LocalRotation: {x: 0, y: 0, z: 0, w: 1}
  m_LocalPosition: {x: -0.58, y: -1.1, z: 0}
  m_LocalScale: {x: 1, y: 1, z: 1}
  m_Children: []
  m_Father: {fileID: 452992}
  m_RootOrder: 3
--- !u!4 &463028
Transform:
  m_ObjectHideFlags: 1
  m_PrefabParentObject: {fileID: 0}
  m_PrefabInternal: {fileID: 100100000}
  m_GameObject: {fileID: 153126}
  m_LocalRotation: {x: 0, y: 0, z: 0, w: 1}
  m_LocalPosition: {x: 0, y: 0, z: 1}
  m_LocalScale: {x: 1, y: 1, z: 1}
  m_Children: []
  m_Father: {fileID: 441740}
  m_RootOrder: 0
--- !u!50 &5004092
Rigidbody2D:
  serializedVersion: 2
  m_ObjectHideFlags: 1
  m_PrefabParentObject: {fileID: 0}
  m_PrefabInternal: {fileID: 100100000}
  m_GameObject: {fileID: 197490}
  m_UseAutoMass: 0
  m_Mass: 1
  m_LinearDrag: 2
  m_AngularDrag: 0.05
  m_GravityScale: 1
  m_IsKinematic: 0
  m_Interpolate: 0
  m_SleepingMode: 1
  m_CollisionDetection: 0
  m_Constraints: 4
--- !u!50 &5016334
Rigidbody2D:
  serializedVersion: 2
  m_ObjectHideFlags: 1
  m_PrefabParentObject: {fileID: 0}
  m_PrefabInternal: {fileID: 100100000}
  m_GameObject: {fileID: 144426}
  m_UseAutoMass: 0
  m_Mass: 0.5
  m_LinearDrag: 1
  m_AngularDrag: 10
  m_GravityScale: -1
  m_IsKinematic: 0
  m_Interpolate: 0
  m_SleepingMode: 1
  m_CollisionDetection: 0
  m_Constraints: 4
--- !u!50 &5038248
Rigidbody2D:
  serializedVersion: 2
  m_ObjectHideFlags: 1
  m_PrefabParentObject: {fileID: 0}
  m_PrefabInternal: {fileID: 100100000}
  m_GameObject: {fileID: 131968}
  m_UseAutoMass: 0
  m_Mass: 1
  m_LinearDrag: 2
  m_AngularDrag: 0.05
  m_GravityScale: 1
  m_IsKinematic: 0
  m_Interpolate: 0
  m_SleepingMode: 1
  m_CollisionDetection: 0
  m_Constraints: 4
--- !u!50 &5095330
Rigidbody2D:
  serializedVersion: 2
  m_ObjectHideFlags: 1
  m_PrefabParentObject: {fileID: 0}
  m_PrefabInternal: {fileID: 100100000}
  m_GameObject: {fileID: 191002}
  m_UseAutoMass: 0
  m_Mass: 1
  m_LinearDrag: 3
  m_AngularDrag: 10
  m_GravityScale: 1
  m_IsKinematic: 0
  m_Interpolate: 0
  m_SleepingMode: 1
  m_CollisionDetection: 0
  m_Constraints: 4
--- !u!58 &5809978
CircleCollider2D:
  m_ObjectHideFlags: 1
  m_PrefabParentObject: {fileID: 0}
  m_PrefabInternal: {fileID: 100100000}
  m_GameObject: {fileID: 144426}
  m_Enabled: 1
  m_Density: 1
  m_Material: {fileID: 0}
  m_IsTrigger: 0
  m_UsedByEffector: 0
  m_Offset: {x: 0, y: -0.5}
  serializedVersion: 2
  m_Radius: 0.5
--- !u!58 &5843130
CircleCollider2D:
  m_ObjectHideFlags: 1
  m_PrefabParentObject: {fileID: 0}
  m_PrefabInternal: {fileID: 100100000}
  m_GameObject: {fileID: 191002}
  m_Enabled: 1
  m_Density: 1
  m_Material: {fileID: 0}
  m_IsTrigger: 0
  m_UsedByEffector: 0
  m_Offset: {x: 0, y: 0}
  serializedVersion: 2
  m_Radius: 0.5
--- !u!61 &6115522
BoxCollider2D:
  m_ObjectHideFlags: 1
  m_PrefabParentObject: {fileID: 0}
  m_PrefabInternal: {fileID: 100100000}
  m_GameObject: {fileID: 191002}
  m_Enabled: 1
  m_Density: 1
  m_Material: {fileID: 0}
  m_IsTrigger: 1
  m_UsedByEffector: 0
  m_Offset: {x: 0, y: 0}
  serializedVersion: 2
  m_Size: {x: 6, y: 2.64}
--- !u!61 &6153734
BoxCollider2D:
  m_ObjectHideFlags: 1
  m_PrefabParentObject: {fileID: 0}
  m_PrefabInternal: {fileID: 100100000}
  m_GameObject: {fileID: 131968}
  m_Enabled: 1
  m_Density: 1
  m_Material: {fileID: 0}
  m_IsTrigger: 0
  m_UsedByEffector: 0
  m_Offset: {x: -0.25, y: 0.3}
  serializedVersion: 2
  m_Size: {x: 0.5, y: 0.5}
--- !u!61 &6173142
BoxCollider2D:
  m_ObjectHideFlags: 1
  m_PrefabParentObject: {fileID: 0}
  m_PrefabInternal: {fileID: 100100000}
  m_GameObject: {fileID: 197490}
  m_Enabled: 1
  m_Density: 1
  m_Material: {fileID: 0}
  m_IsTrigger: 0
  m_UsedByEffector: 0
  m_Offset: {x: 0.25, y: 0.3}
  serializedVersion: 2
  m_Size: {x: 0.5, y: 0.5}
--- !u!114 &11407870
MonoBehaviour:
  m_ObjectHideFlags: 1
  m_PrefabParentObject: {fileID: 0}
  m_PrefabInternal: {fileID: 100100000}
  m_GameObject: {fileID: 191002}
  m_Enabled: 1
  m_EditorHideFlags: 0
  m_Script: {fileID: 11500000, guid: 55412249f0490dd41b0b864bbde267c3, type: 3}
  m_Name: 
  m_EditorClassIdentifier: 
  _tDialog: {fileID: 11402230, guid: b983a81270aaa8d40bcddf34cd300183, type: 2}
  _eMood: 2
  _fAttitude: 5
--- !u!114 &11420926
MonoBehaviour:
  m_ObjectHideFlags: 1
  m_PrefabParentObject: {fileID: 0}
  m_PrefabInternal: {fileID: 100100000}
  m_GameObject: {fileID: 191002}
  m_Enabled: 1
  m_EditorHideFlags: 0
  m_Script: {fileID: 11500000, guid: 024a0bb54572fde4c90de6ca1ac4e123, type: 3}
  m_Name: 
  m_EditorClassIdentifier: 
  WinSounds:
  - {fileID: 8300000, guid: 075fac23449521a4b89544a5dcfb01e6, type: 3}
  - {fileID: 8300000, guid: b1c5b1a5f75b71d428e9a899df967cca, type: 3}
  - {fileID: 8300000, guid: 92c920edbbd24984bb3ad4b952ac3f82, type: 3}
  - {fileID: 8300000, guid: 3ad87f16dc9e5334fb04c2ab9327a991, type: 3}
  LoseSounds:
  - {fileID: 8300000, guid: ff0a15a7f20a6d642b6c44545728b110, type: 3}
  - {fileID: 8300000, guid: 03bb22e4e7a7fd94e9946b31b3c4bd08, type: 3}
  - {fileID: 8300000, guid: f721a1ac646004c4fa2639baafe38cb1, type: 3}
  - {fileID: 8300000, guid: 6fb0617f141f6a04a8a48b5ac693e5f8, type: 3}
  LikeSounds:
  - {fileID: 8300000, guid: 075fac23449521a4b89544a5dcfb01e6, type: 3}
  - {fileID: 8300000, guid: b1c5b1a5f75b71d428e9a899df967cca, type: 3}
  - {fileID: 8300000, guid: 92c920edbbd24984bb3ad4b952ac3f82, type: 3}
  - {fileID: 8300000, guid: 3ad87f16dc9e5334fb04c2ab9327a991, type: 3}
--- !u!114 &11477044
MonoBehaviour:
  m_ObjectHideFlags: 1
  m_PrefabParentObject: {fileID: 0}
  m_PrefabInternal: {fileID: 100100000}
  m_GameObject: {fileID: 191002}
  m_Enabled: 1
  m_EditorHideFlags: 0
  m_Script: {fileID: 11500000, guid: f72fd8d4e099df64b9a65fdef3b2ff83, type: 3}
  m_Name: 
  m_EditorClassIdentifier: 
  Turnaround:
  - {fileID: 2800000, guid: 313aa89e020eed04dac7ff3377a72929, type: 3}
  - {fileID: 2800000, guid: 93fd702fef501364589be8d4c949e5c2, type: 3}
  VoiceHandler: {fileID: 11420926}
  NPC: 1
  TopRB: {fileID: 5016334}
  CenterRB: {fileID: 5095330}
  BottomLeftRB: {fileID: 5004092}
  BottomRightRB: {fileID: 5038248}
  BodyMat: {fileID: 2100000, guid: 525b5f8092ac85c47ba1f1133ba92e67, type: 2}
--- !u!212 &21203008
SpriteRenderer:
  m_ObjectHideFlags: 1
  m_PrefabParentObject: {fileID: 0}
  m_PrefabInternal: {fileID: 100100000}
  m_GameObject: {fileID: 153126}
  m_Enabled: 1
  m_CastShadows: 0
  m_ReceiveShadows: 0
  m_Materials:
  - {fileID: 10754, guid: 0000000000000000e000000000000000, type: 0}
  m_SubsetIndices: 
  m_StaticBatchRoot: {fileID: 0}
  m_UseLightProbes: 0
  m_ReflectionProbeUsage: 0
  m_ProbeAnchor: {fileID: 0}
  m_ScaleInLightmap: 1
  m_PreserveUVs: 0
  m_IgnoreNormalsForChartDetection: 0
  m_ImportantGI: 0
  m_MinimumChartSize: 4
  m_AutoUVMaxDistance: 0.5
  m_AutoUVMaxAngle: 89
  m_LightmapParameters: {fileID: 0}
  m_SortingLayerID: 0
  m_SortingOrder: 0
  m_Sprite: {fileID: 21300006, guid: 114c133c011558942a38c5168d767127, type: 3}
  m_Color: {r: 1, g: 1, b: 1, a: 1}
  m_FlipX: 0
  m_FlipY: 0
--- !u!231 &23120876
SpringJoint2D:
  m_ObjectHideFlags: 1
  m_PrefabParentObject: {fileID: 0}
  m_PrefabInternal: {fileID: 100100000}
  m_GameObject: {fileID: 131968}
  m_Enabled: 1
  serializedVersion: 4
  m_EnableCollision: 0
  m_ConnectedRigidBody: {fileID: 5095330}
  m_BreakForce: Infinity
  m_BreakTorque: Infinity
  m_AutoConfigureConnectedAnchor: 0
  m_Anchor: {x: 0, y: 0}
  m_ConnectedAnchor: {x: 0, y: 0}
  m_AutoConfigureDistance: 1
  m_Distance: 1.2435434
  m_DampingRatio: 0.5
  m_Frequency: 3.5
--- !u!231 &23128628
SpringJoint2D:
  m_ObjectHideFlags: 1
  m_PrefabParentObject: {fileID: 0}
  m_PrefabInternal: {fileID: 100100000}
  m_GameObject: {fileID: 197490}
  m_Enabled: 1
  serializedVersion: 4
  m_EnableCollision: 0
  m_ConnectedRigidBody: {fileID: 5038248}
  m_BreakForce: Infinity
  m_BreakTorque: Infinity
  m_AutoConfigureConnectedAnchor: 0
  m_Anchor: {x: 0, y: 0}
  m_ConnectedAnchor: {x: 0, y: 0}
  m_AutoConfigureDistance: 1
  m_Distance: 1.1599998
  m_DampingRatio: 0.5
  m_Frequency: 3
--- !u!231 &23163936
SpringJoint2D:
  m_ObjectHideFlags: 1
  m_PrefabParentObject: {fileID: 0}
  m_PrefabInternal: {fileID: 100100000}
  m_GameObject: {fileID: 144426}
  m_Enabled: 1
  serializedVersion: 4
  m_EnableCollision: 0
  m_ConnectedRigidBody: {fileID: 5095330}
  m_BreakForce: Infinity
  m_BreakTorque: Infinity
  m_AutoConfigureConnectedAnchor: 0
  m_Anchor: {x: 0, y: 0}
  m_ConnectedAnchor: {x: 0, y: 0}
  m_AutoConfigureDistance: 1
  m_Distance: 1.1
  m_DampingRatio: 0.5
  m_Frequency: 4
--- !u!231 &23170066
SpringJoint2D:
  m_ObjectHideFlags: 1
  m_PrefabParentObject: {fileID: 0}
  m_PrefabInternal: {fileID: 100100000}
  m_GameObject: {fileID: 197490}
  m_Enabled: 1
  serializedVersion: 4
  m_EnableCollision: 0
  m_ConnectedRigidBody: {fileID: 5095330}
  m_BreakForce: Infinity
  m_BreakTorque: Infinity
  m_AutoConfigureConnectedAnchor: 0
  m_Anchor: {x: 0, y: 0}
  m_ConnectedAnchor: {x: 0, y: 0}
  m_AutoConfigureDistance: 1
  m_Distance: 1.2435434
  m_DampingRatio: 0.5
  m_Frequency: 3.5
--- !u!1001 &100100000
Prefab:
  m_ObjectHideFlags: 1
  serializedVersion: 2
  m_Modification:
    m_TransformParent: {fileID: 0}
    m_Modifications: []
    m_RemovedComponents: []
  m_ParentPrefab: {fileID: 0}
  m_RootGameObject: {fileID: 153886}
  m_IsPrefabParent: 1
