%YAML 1.1
%TAG !u! tag:unity3d.com,2011:
--- !u!241 &24100000
AudioMixerController:
  m_ObjectHideFlags: 0
  m_PrefabParentObject: {fileID: 0}
  m_PrefabInternal: {fileID: 0}
  m_Name: Mixer
  m_OutputGroup: {fileID: 0}
  m_MasterGroup: {fileID: 24300001}
  m_Snapshots:
  - {fileID: 24500003}
  m_StartSnapshot: {fileID: 24500003}
  m_SuspendThreshold: -80
  m_EnableSuspend: 1
  m_ExposedParameters: []
  m_AudioMixerGroupViews:
  - guids:
    - f1cf2b33386def34dbb3d82b52235c1c
    - f67dee8335a3fc649a08c064019595eb
    - a90e7aabb501b1b4d994c143f6fc9a20
    - d3e7ce3b0e8050741b2ce677b6f1917b
    name: View
  m_CurrentViewIndex: 0
  m_TargetSnapshot: {fileID: 24500003}
--- !u!243 &24300001
AudioMixerGroupController:
  m_ObjectHideFlags: 0
  m_PrefabParentObject: {fileID: 0}
  m_PrefabInternal: {fileID: 0}
  m_Name: Master
  m_AudioMixer: {fileID: 24100000}
  m_GroupID: f1cf2b33386def34dbb3d82b52235c1c
  m_Children:
  - {fileID: 24389832}
  - {fileID: 24307188}
  - {fileID: 24325122}
  m_Volume: 405dd60849b8e934ca7a5dd4d80bf221
  m_Pitch: c8958046e73848e4ab7e5b3d302785bd
  m_Effects:
  - {fileID: 24400002}
  m_UserColorIndex: 0
  m_Mute: 0
  m_Solo: 0
  m_BypassEffects: 0
--- !u!243 &24307188
AudioMixerGroupController:
  m_ObjectHideFlags: 0
  m_PrefabParentObject: {fileID: 0}
  m_PrefabInternal: {fileID: 0}
  m_Name: Player
  m_AudioMixer: {fileID: 24100000}
  m_GroupID: a90e7aabb501b1b4d994c143f6fc9a20
  m_Children: []
  m_Volume: 032fdde83345d9d4295b22e32cfbac0b
  m_Pitch: 51d70cec80958c745bc4d5e68db9f3a8
  m_Effects:
  - {fileID: 24462514}
  m_UserColorIndex: 0
  m_Mute: 0
  m_Solo: 0
  m_BypassEffects: 0
--- !u!243 &24325122
AudioMixerGroupController:
  m_ObjectHideFlags: 0
  m_PrefabParentObject: {fileID: 0}
  m_PrefabInternal: {fileID: 0}
  m_Name: NPCs
  m_AudioMixer: {fileID: 24100000}
  m_GroupID: d3e7ce3b0e8050741b2ce677b6f1917b
  m_Children: []
  m_Volume: 054b039b7685da34797156e8e7e1eb0a
  m_Pitch: 24afca160220d554ea3267ad30d905ec
  m_Effects:
  - {fileID: 24422740}
  m_UserColorIndex: 0
  m_Mute: 0
  m_Solo: 0
  m_BypassEffects: 0
--- !u!243 &24389832
AudioMixerGroupController:
  m_ObjectHideFlags: 0
  m_PrefabParentObject: {fileID: 0}
  m_PrefabInternal: {fileID: 0}
  m_Name: Ambiant
  m_AudioMixer: {fileID: 24100000}
  m_GroupID: f67dee8335a3fc649a08c064019595eb
  m_Children: []
  m_Volume: 6acac4fbfac5a2640849aaab54c32100
  m_Pitch: dc88ac24a79728746b124c60ba5ac886
  m_Effects:
  - {fileID: 24499216}
  m_UserColorIndex: 0
  m_Mute: 0
  m_Solo: 0
  m_BypassEffects: 0
--- !u!244 &24400002
AudioMixerEffectController:
  m_ObjectHideFlags: 3
  m_PrefabParentObject: {fileID: 0}
  m_PrefabInternal: {fileID: 0}
  m_Name: 
  m_EffectID: f8ea93d13f714744091a253995e7e654
  m_EffectName: Attenuation
  m_MixLevel: 78eda64e9f55de845b4cd7270823a7aa
  m_Parameters: []
  m_SendTarget: {fileID: 0}
  m_EnableWetMix: 0
  m_Bypass: 0
--- !u!244 &24422740
AudioMixerEffectController:
  m_ObjectHideFlags: 3
  m_PrefabParentObject: {fileID: 0}
  m_PrefabInternal: {fileID: 0}
  m_Name: 
  m_EffectID: cc9e833ee683d9b4093784fc77c3aa81
  m_EffectName: Attenuation
  m_MixLevel: 8bbf26c79c60bb6409106a70acebbfa9
  m_Parameters: []
  m_SendTarget: {fileID: 0}
  m_EnableWetMix: 0
  m_Bypass: 0
--- !u!244 &24462514
AudioMixerEffectController:
  m_ObjectHideFlags: 3
  m_PrefabParentObject: {fileID: 0}
  m_PrefabInternal: {fileID: 0}
  m_Name: 
  m_EffectID: 4048dca87788fcf42b61b400122f2118
  m_EffectName: Attenuation
  m_MixLevel: ff3b3e128742a7445a07807cec40508e
  m_Parameters: []
  m_SendTarget: {fileID: 0}
  m_EnableWetMix: 0
  m_Bypass: 0
--- !u!244 &24499216
AudioMixerEffectController:
  m_ObjectHideFlags: 3
  m_PrefabParentObject: {fileID: 0}
  m_PrefabInternal: {fileID: 0}
  m_Name: 
  m_EffectID: 70d9ca0df9d180246b9e53c78ff2a62c
  m_EffectName: Attenuation
  m_MixLevel: b07f78ce24fbbe1478a1c386e0a37a40
  m_Parameters: []
  m_SendTarget: {fileID: 0}
  m_EnableWetMix: 0
  m_Bypass: 0
--- !u!245 &24500003
AudioMixerSnapshotController:
  m_ObjectHideFlags: 0
  m_PrefabParentObject: {fileID: 0}
  m_PrefabInternal: {fileID: 0}
  m_Name: Snapshot
  m_AudioMixer: {fileID: 24100000}
  m_SnapshotID: 10586244d006d28439007722f7ebfeea
  m_FloatValues: {}
  m_TransitionOverrides: {}
